1919 2922
384 197 508 231 Dos
547 175 731 229 Rms
771 197 847 229 DE
887 174 1304 232 PORTUGAL.
1480 195 1587 249 279

92 271 277 344 Bispos
297 270 562 324 Titulares
598 288 677 321 em
701 267 880 323 Africa
904 289 964 322 na
986 271 1272 341 Capitania
1305 270 1370 324 de
1393 272 1635 345 Mogam-

93 353 286 424 bique,
329 368 391 400 na
423 347 662 400 America
701 367 791 399 nas
827 347 922 399 dos
954 348 1200 419 Goyazes
1221 389 1236 418 ‚
1282 367 1310 400 e
1343 349 1577 422 Cuyabi1.

257 426 436 478 Creou
470 425 633 478 Barfio
685 423 752 476 de
788 426 1140 478 Moss'amedes
1191 446 1218 480 a
1256 426 1384 496 Jose}
1435 429 1503 481 de
1539 427 1630 480 Al·

90 502 258 558 meida
295 501 361 555 de
397 502 801 558 Vasconcellos:
843 502 1136 557 Viscondes
1170 503 1236 556 de
1269 505 1438 558 Fonte
1472 506 1633 558 Arca-

89 581 154 634 da
193 601 218 634 3
247 580 384 648 ]οἷιο
408 581 638 652 Jacques
674 579 740 632 de
773 581 1084 653 Magalhfies
1109 622 1125 649 ,
1180 585 1245 636 da
1282 583 1551 636 Lourinhfi
1605 602 1633 634 3

87 659 312 713 Manoel
347 659 612 711 Bernardo
647 657 714 709 de
746 658 956 711 Mello:
1015 657 1209 712 Condc
1261 661 1328 713 de
1363 659 1633 713 Sandomil

89 755 116 789 3
153 736 352 790 Fernfio
391 735 457 790 de
492 735 736 788 Miranda
771 735 1115 807 Henriques:
1158 736 1420 790 Condeffa
1453 739 1520 791 de
1544 736 1634 790 Fi-

89 815 239 868 calho
279 834 305 867 a
344 813 416 867 D.
457 812 621 867 Isabel
658 811 837 883 Josefa
872 814 1089 867 Breiner
1127 816 1195 868 de
1238 816 1514 869 Menezes.

255 891 415 946 Deste
438 892 597 945 modo
635 891 1033 963 fingularrnente
1074 892 1317 965 religiosa
1359 912 1477 965 para
1514 911 1633 946 com

87 968 238 1023 Deos
263 1010 278 1039 ‚
319 989 401 1022 em
436 986 676 1024 extremo
715 968 906 1023 devota
946 969 1009 1023 da
1033 970 1244 1042 Igreja‚
1284 972 1511 1044 benigna
1543 988 1634 1041 pa·-

88 1067 143 1100 ra
184 1050 337 1101 todos
374 1087 390 1116 ,
451 1046 631 1101 amada
671 1047 737 1100 de
778 1049 935 1102 todos
972 1089 988 1118 ,
1047 1067 1278 1121 governa
1333 1068 1361 1102 a
1400 1047 1632 1122 Augusta

87 1123 299 1178 Rainha
337 1125 408 1178 D.
444 1125 616 1179 Maria
648 1127 692 1180 I.
722 1125 830 1179 seus
865 1127 1115 1182 Vaffallos
1173 1146 1289 1181 com
1321 1128 1475 1181 huma
1512 1145 1634 1197 pru-

87 1202 370 1276 prudencia
405 1205 533 1256 mais
574 1202 644 1256 do
683 1222 783 1276 que
819 1205 1056 1276 varonil,
1097 1224 1214 1258 com
1255 1206 1383 1258 hum
1420 1205 1632 1259 carinho

87 1282 218 1335 mais
261 1282 332 1334 do
364 1298 464 1351 que
495 1280 562 1333 de
597 1282 718 1334 mai.

521 1396 599 1446 Eu
632 1395 838 1446 Antonio
869 1396 1076 1447 Pereira
1106 1400 1163 1448 de
1183 1399 1475 1468 Figueiredo
1509 1415 1535 1449 o
1555 1394 1635 1466 qs*-

89 1475 258 1524 crevia
292 1489 323 1523 a
361 1491 381 1525 1
407 1493 456 1525 2.
493 1475 550 1523 de
582 1475 793 1540 Janeiro
830 1476 887 1524 de
930 1493 950 1525 1
976 1494 1004 1539 7
1033 1479 1059 1526 8
1090 1494 1137 1542 3.

165 1627 337 1698 Agora
363 1631 500 1697 paſjb
537 1646 567 1679 a
604 1641 777 1680 contar
814 1645 870 1678 as
893 1631 1098 1680 ultimas
1133 1630 1306 1699 acfb'es
1347 1633 1409 1682 cla
1432 1627 1556 1697 771te²

699 1724 779 1757 ma
811 1706 1021 1758 Rainha.

257 1814 433 1871 Com&
473 1816 710 1888 paffados
751 1836 888 1872 nove
927 1838 1085 1872 annos
1141 1817 1209 1871 de
1245 1819 1427 1873 cas-ado
1470 1817 1632 1872 estava

87 1892 236 1947 ainda
274 1894 376 1948 sem
416 1895 563 1949 filhos
599 1896 782 1968 alguns
831 1916 864 1950 o
902 1896 1146 1968 Principe
1187 1896 1257 1950 do
1292 1898 1446 1951 Brafil
1481 1896 1632 1949 Dom

77 1971 202 2041 Joscss.
226 2012 242 2041 ‚
284 1972 480 2026 culdou
520 1993 546 2025 3
581 1972 793 2027 Rainha
830 1973 913 2027 sua
950 1975 1053 2028 mai
1090 1994 1171 2027 cm
1205 1973 1412 2049 segurar
1452 1995 1478 2027 a
1517 1973 1633 2026 suc-

87 2049 259 2103 cessfio
295 2052 365 2103 do
397 2050 575 2104 Reino
599 2092 615 2121 ,
675 2050 897 2106 fazendo
934 2071 1036 2123 que
1075 2072 1108 2105 o
1144 2051 1350 2106 Infante
1386 2053 1460 2106 D.
1491 2053 1631 2121 Joffto

87 2126 174 2180 seu
214 2127 337 2181 filho
387 2128 623 2202 segundo
665 2130 876 2183 tomaffe
918 2131 1135 2203 alliancga
1191 2148 1311 2183 com
1354 2149 1382 2182 a
1423 2127 1632 2183 Infanta

87 2203 160 2256 D.
197 2205 414 2260 Carlota
443 2207 705 2279 Joaquina
741 2208 860 2260 filha
899 2207 970 2262 do
1006 2208 1248 2280 Principe
1284 2209 1376 2261 das
1403 2207 1631 2263 Asturias

87 2278 159 2333 D.
177 2281 402 2354 Car1083
444 2304 472 2337 e
510 2303 612 2356 que
643 2306 706 2339 ao
735 2285 932 2340 mesmo
968 2300 1147 2358 tempo
1179 2287 1367 2340 cazaffe
1403 2285 1485 2339 sua
1509 2286 1629 2338 filha

89 2376 117 2409 a
151 2357 352 2415 Infanta
385 2363 456 2416 D.
477 2363 747 2418 Marianna
768 2363 998 2419 Viffioria
1037 2383 1152 2417 corn
1191 2385 1224 2418 o
1256 2362 1461 2419 Infante
1481 2363 1628 2417 Dom

91 2433 345 2508 Gabriel,
384 2440 547 2495 irmfio
581 2439 654 2496 do
691 2441 885 2495 mesmo
925 2442 1182 2513 Principe.
1223 2441 1409 2512 Hum‚
1467 2459 1496 2493 e
1537 2459 1630 2494 ou-

88 2527 173 2566 tro
209 2513 495 2572 casamento
530 2518 579 2571 se
600 2518 847 2574 effeituou
880 2538 977 2591 por
1000 2519 1382 2574 Procuradores
1421 2538 1490 2572 no
1512 2536 1628 2571 mez

89 2588 155 2645 de
183 2591 340 2649 Abril
393 2591 481 2652 do·
501 2614 637 2654 anno
687 2597 896 2672 paffado
951 2596 1019 2653 de
1078 2618 1098 2653 1
1125 2603 1205 2677 78
1227 2616 1279 2670 5.
1333 2597 1410 2654 As
1448 2596 1627 2649 Reaes

746 2746 790 2873 Ι
1452 2671 1511 2727 N
1514 2672 1592 2727 oi-
