1919 2922
318 197 388 250 92
797 178 845 234 E
903 203 936 237 L
989 203 1021 238 o
1082 204 1114 238 G
1171 205 1190 238 1
1245 204 1280 240 A
1329 185 1333 188 ’

272 292 394 341 quos
427 275 606 326 medios
642 278 906 346 longiffimo
940 292 1088 346 atque
1108 281 1473 348 adparatiffimo
1504 283 1670 334 ordine
1695 297 1819 352 pro-

273 354 497 403 cederent
535 392 552 423 ,
611 359 696 421 qui
730 357 890 417 funus
945 359 1321 408 comitabantur.
1380 360 1474 410 Ubi
1510 360 1821 412 Alcobatiam

262 443 561 499 perventum
597 433 692 499 est,
735 434 1005 500 impositam
1030 436 1232 496 feretro
1267 433 1332 491 ἐφ’
1369 449 1648 487 coronatam
1685 476 1700 505 ‚
1743 435 1820 503 osl-

272 511 441 557 culata
479 510 661 557 dextra
695 509 937 577 Reginam
976 528 1135 560 omnes
1155 512 1285 576 sunt
1310 515 1587 579 protestati.
1629 515 1817 565 Recon-

271 586 422 634 dendo
453 596 616 634 autem
654 590 846 652 corpori
871 599 1233 654 praeparatum
1266 601 1376 638 erat
1417 591 1622 653 adfabre
1658 592 1818 642 elabo-

271 674 441 734 ratum
496 679 558 712 ex
601 663 884 725 alabastrite
937 666 1099 731 lapide
1152 662 1463 731 Maufhleum
1505 669 1816 736 anaglyptico

270 753 414 806 opere
452 778 467 807 ,
529 735 735 807 defitper
772 738 1017 809 insculpta
1050 741 1259 812 Agnetis
1302 745 1514 813 imagine
1554 745 1618 794 ad
1647 748 1816 797 vivum

272 820 494 885 expreffa
530 834 637 867 cnm
674 833 860 868 corona.

439 973 584 1023 Petri
618 975 783 1042 igitur
830 991 919 1025 non
960 975 1100 1025 aliud
1131 985 1335 1025 notatur
1370 977 1551 1026 vitium
1590 1012 1606 1042 ‚
1667 991 1814 1042 quam

271 1061 500 1101 extrema
539 1053 588 1101 in
610 1053 903 1101 criminibus
928 1053 1190 1118 puniendis
1212 1047 1504 1119 severitas,
1545 1067 1668 1118 quae
1696 1066 1816 1119 pro-

272 1131 407 1178 xime
438 1130 719 1195 quandoque
751 1127 862 1196 visa
886 1128 961 1190 stt
1000 1130 1063 1178 ad
1086 1126 1365 1193 fite-vitiam
1403 1130 1668 1197 accedere,
1709 1129 1817 1178 nul-

274 1207 328 1255 la
348 1205 460 1267 five
484 1207 769 1275 plebeorum
788 1245 806 1275 ,
832 1205 943 1268 five
975 1205 1208 1255 nobilium
1243 1207 1537 1270 differentia.

442 1361 758 1411 Familiarem
797 1360 899 1422 fibi
922 1372 1193 1428 percarum
1230 1359 1438 1419 castrari
1459 1359 1642 1426 juffit,
1701 1364 1818 1423 quod

273 1439 406 1488 niam
445 1440 494 1487 in
517 1435 852 1505 figs'picionem
890 1449 1095 1488 venerat
1131 1438 1403 1503 impudicae
1461 1433 1819 1503 consuetudinis

277 1531 386 1566 cum
425 1531 580 1566 uxore
615 1510 872 1581 cujusdam
906 1514 1182 1564 Praetoris.

443 1669 600 1735 Juffit
654 1665 720 1724 ἐφ’
755 1670 948 1720 cuidam
987 1670 1118 1736 apud
1151 1662 1536 1732 Interamnenfi’s
1575 1666 1703 1716 domi
1735 1681 1818 1715 no·-

277 1745 370 1796 bili
422 1746 696 1796 cervicibus
746 1758 897 1812 caput
933 1742 1153 1809 abstindi
1188 1782 1207 1812 ‚
1265 1747 1391 1810 quod
1426 1746 1551 1793 dolio
1576 1744 1816 1809 pauperis

278 1825 528 1892 agricolae
553 1823 876 1891 praeciderat
913 1823 1126 1873 vincula.

445 1978 668 2029 Scribam
708 1979 794 2044 qui
848 1976 1008 2026 libras
1043 1977 1261 2026 undecim
1294 1977 1342 2026 in
1374 1969 1672 2038 thefizurum'
1698 1973 1819 2034 infe·
1879 2009 1885 2012 -

279 2057 459 2106 rendas
497 2053 694 2123 absente
735 2055 977 2120 quaestore
1013 2063 1304 2120 acceperat,
1358 2054 1529 2117 laqueo
1567 2050 1816 2110 confraiia

277 2135 405 2201 gula
429 2136 562 2194 fecit
587 2134 774 2199 perire.

447 2212 620 2276 ‚Quum
646 2221 936 2275 praeconem
954 2208 1150 2271 judicis
1183 2208 1369 2256 nomine
1389 2203 1492 2265 sthi
1527 2201 1699 2251 ablata
1733 2203 1816 2267 pi-

277 2300 439 2353 gnora
475 2287 833 2335 denuntiantem
851 2322 867 2351 ‚
907 2285 1105 2349 quidam
1142 2299 1167 2330 e
1190 2283 1430 2349 patriciis
1461 2277 1632 2347 evulsa
1666 2280 1817 2328 etiam

285 2362 441 2412 barba
479 2375 647 2430 pugno
695 2362 952 2426 obtudiffet
987 2399 1004 2428 ‚
1059 2361 1320 2410 clamitans
1371 2357 1506 2424 quast
1551 2355 1818 2417 maiestatis

286 2455 424 2491 reum
444 2440 687 2507 jugulari
715 2438 990 2505 praecepit.

453 2595 619 2649 Sontes
658 2607 816 2647 omnes
868 2606 919 2649 eo
953 2586 1481 2665 odiasprosequebatur
1513 2625 1536 2662 ,
1586 2598 1646 2641 ut
1676 2583 1816 2650 stqui

1657 2661 1776 2725 sor-
