1919 2922
315 187 428 237 254
597 165 1485 225 REGUMLusx’rAuontrM.

273 265 507 332 oppidano
527 264 669 328 jure.
710 266 870 315 Primi
899 267 1098 333 generis
1124 262 1250 331 suut
1285 267 1646 334 Pennafidelis5
1687 265 1819 318 Ave-

276 343 444 408 rium,
484 342 704 402 Castrum
734 342 915 391 Album
938 379 955 409 ,
995 343 1284 393 Pinhelum:
1326 346 1538 393 alterius
1573 360 1690 395 vero
1721 346 1819 395 La-

274 434 400 467 cuna
418 456 434 481 ,
463 418 794 468 Moncichium
810 458 825 485 ,
845 421 1022 470 Santia
1038 420 1254 469 BIartha
1269 419 1545 483 Tavirensts
1567 422 1777 473 Traaus
1797 459 1815 489 ‚

273 495 358 559 ubi
411 492 473 548 <VJ
509 512 684 544 novum
720 497 947 561 oppidum
985 499 1171 547 Villam
1200 497 1437 564 Regalem
1471 501 1634 549 SanHi
1666 498 1817 549 Anto·

274 573 344 620 nii
378 570 438 619 ah
471 571 689 620 Arenula
728 573 865 621 condi
899 587 930 619 a
954 573 1299 633 fundamentis
1319 574 1482 637 juffit.
1524 575 1818 643 Municipiis

275 651 425 697 etiam
475 650 716 715 plurimis
753 685 769 714 ,
832 664 958 714 qliae
986 646 989 647 ⁷
1013 660 1158 698 antea
1194 650 1423 699 Pedariis
1478 650 1816 722 regebantur,

274 726 572 792 Peregrinos
598 726 808 788 Judices
844 727 1011 775 dedit:
1053 739 1221 793 nempe
1242 727 1484 778 Alcotimo
1504 765 1520 795 ,
1560 726 1780 778 Aroucae
1799 766 1821 796 ,

276 804 465 854 Barcae
488 840 504 868 7
564 802 775 851 Moutae
795 839 811 868 ‚
868 799 1108 867 Cascaliis
1129 842 1146 872 ‚
1185 804 1413 853 Penichio
1436 841 1452 871 ‚
1513 805 1778 873 Sabugalio
1798 842 1817 873 ‚

274 880 515 929 Sarzedis
541 916 557 946 ‚
599 879 811 928 Terenae
830 917 845 944 ,
867 881 1091 948 aliisque.
1132 880 1442 931 Alcohatiam
1479 882 1681 950 denique
1699 881 1818 937 Con-

275 967 475 1009 ventum
498 957 633 1018 fecit
669 958 977 1021 Juriclicum.

443 1108 579 1160 Anno
613 1109 692 1160 M.
726 1110 867 1159 DCC.
890 1110 992 1164 LV.
1024 1113 1231 1161 immane
1265 1121 1572 1162 terraemotu
1596 1111 1819 1180 prostra-

277 1199 333 1238 ta
368 1186 606 1254 Olistpone
631 1225 647 1255 ‚
694 1183 1056 1254 fitbsecutoque
1093 1189 1305 1238 incendio
1343 1190 1582 1240 devorata
1604 1226 1621 1257 ‚
1682 1204 1818 1238 occa·

261 1265 446 1330 stonem
487 1266 593 1315 inde
627 1261 835 1331 sumpstt
871 1265 1059 1332 Regiae
1090 1265 1240 1314 Urbis
1287 1262 1352 1318 ἐφ’
1389 1268 1438 1315 in
1469 1267 1818 1333 elegantiorem

264 1344 490 1405 formam
528 1342 827 1396 reducendae
864 1378 881 1409 ‚
940 1338 1004 1395 (9⁹
1043 1341 1400 1408 pulcherrimis
1448 1342 1819 1409 magnificisque

278 1419 518 1482 aedificiis
555 1419 877 1469 exornandae.
935 1419 1088 1486 Quod
1138 1432 1234 1484 qua
1270 1419 1461 1468 ratione
1484 1419 1680 1481 fabium
1696 1419 1819 1480 fue-

278 1498 353 1547 rit
371 1533 389 1564 ,
430 1497 721 1546 commodius
757 1494 881 1545 alibi
914 1508 1220 1564 exponemus.

445 1647 581 1699 Anno
627 1648 708 1700 M.
742 1648 883 1700 DCC.
919 1648 1048 1701 LIX.
1086 1648 1299 1700 homines
1347 1664 1379 1698 a
1414 1649 1657 1699 Societate
1687 1643 1819 1715 Jefic

278 1738 580 1794 nuncupatos
618 1763 635 1792 ‚
695 1737 843 1777 ratus
865 1726 969 1788 sthi
1005 1729 1092 1793 effe
1126 1729 1335 1794 infidos,
1398 1724 1463 1782 ἐφ’
1503 1718 1820 1794 Reipublicae

280 1805 512 1854 exitiales
532 1841 549 1869 ‚
589 1805 647 1852 de
681 1814 790 1852 tota
825 1803 1078 1865 Lzfitania
1111 1804 1442 1868 univeisssque
1472 1804 1578 1867 ejus
1610 1803 1820 1851 Coloniis

282 1882 444 1944 ejecit.
499 1882 629 1929 Boua
684 1896 849 1929 eorum
890 1881 1045 1930 omnia
1079 1877 1216 1946 Fifco
1254 1880 1467 1929 addixit.
1526 1880 1819 1942 Primusque

282 1959 492 2006 omnium
526 1957 719 2025 Regum
753 1958 869 2018 fuit
891 1994 908 2024 ‚
967 1959 1052 2022 qui
1084 1957 1214 2023 apud
1249 1958 1495 2006 Summum
1533 1955 1816 2016 Pontificem

281 2034 574 2084 Clementem
612 2035 747 2085 XIII.
787 2035 1046 2099 enixtffi'me
1083 2036 1189 2102 egit
1248 2035 1306 2084 de
1337 2029 1553 2100 ipsorum
1587 2027 1816 2097 Jesuita-

283 2127 396 2160 rum
430 2111 614 2160 Ordine
661 2114 863 2179 penitus
912 2112 1153 2161 abolendo.
1205 2111 1357 2178 Quod
1406 2105 1585 2175 quarto
1636 2108 1818 2157 decimo

265 2188 381 2257 -post
415 2204 534 2236 anno
566 2225 583 2254 ‚
637 2188 975 2238 accedentibus
1015 2191 1171 2237 trium
1211 2189 1420 2236 aliorum
1453 2185 1645 2252 Regum
1681 2185 1818 2249 effla-

281 2264 613 2332 gitationibus
632 2303 648 2331 ‚
690 2267 883 2314 tandem
918 2280 948 2313 a
984 2265 1224 2313 Clemente
1243 2263 1372 2314 XIV.
1411 2264 1460 2311 in
1493 2262 1819 2312 executionem

269 2343 475 2407 miffum
510 2343 639 2392 vidit
674 2380 692 2410 ‚
752 2338 816 2397 ἐφ’
850 2343 1064 2392 miratus
1098 2341 1160 2403 est
1195 2341 1492 2403 Christianus
1523 2337 1675 2389 Orbis
1714 2338 1820 2389 uni-

285 2416 478 2485 versus.

451 2572 522 2624 Et
561 2575 688 2640 quod
722 2575 787 2626 ad
814 2574 1003 2627 Domus
1025 2575 1250 2644 pertinet
1278 2565 1501 2640 Jefiiitis
1536 2550 1777 2624 vacuatas
1796 2601 1816 2633 ,

1721 2658 1779 2694 en

1055 2720 1091 2771 0,

1084 2860 1108 2893 Q
