1919 2922
303 158 372 193 22
457 154 477 160 ‘⁸
576 135 854 192 REGUM
895 136 1473 197 LusxrANORvM.

262 233 370 302 eust?
416 235 580 303 postea
651 238 886 286 extruxit
922 274 938 304 ‚
1011 233 1075 292 &⁰
1153 241 1228 288 ita
1285 243 1509 304 munifice
1562 241 1760 294 dotavit
1799 252 1820 315 7·

262 325 319 364 ut
354 316 544 365 nullum
576 313 653 376 fit
702 316 750 363 in
795 325 903 363 tota
940 314 1195 377 Lusitania
1226 320 1519 385 opulentius,

430 468 610 518 Eodem
653 469 739 518 illo
777 483 896 519 anno
930 469 1257 538 Olisiponem,
1298 476 1441 524 aresta
1476 487 1507 522 a
1533 469 1600 540 fi’
1639 469 1703 529 ἐν
1740 474 1823 525 ob·-

247 546 438 609 stinata
493 547 762 595 multorum
821 547 1049 609 ntenstum
1100 548 1332 610 obsidione
1361 552 1578 617 preffam
1598 587 1616 618 ,
1670 565 1823 620 expu-

257 627 440 692 gnavit
492 625 687 673 tandem
722 624 927 675 OHobri
963 627 1080 690 jam
1136 628 1413 678 inclinante.
1470 629 1530 678 In
1576 643 1670 694 quo
1694 626 1822 695 sane

261 705 477 752 maximo
514 705 559 751 ei
622 700 802 764 absidio
828 703 978 765 fuere
1011 704 1167 772 Angli
1200 743 1218 772 ,
1271 706 1451 774 Belgae
1492 742 1510 774 ‚
1562 710 1824 775 exterique

261 783 353 830 alii
387 781 668 846 Claffiarii‚
710 782 795 847 qui
834 784 882 831 in
902 783 1099 847 Syriam
1136 784 1468 851 navigantes,
1511 782 1603 833 huc
1640 796 1700 834 ut
1733 786 1823 835 ad·-

253 859 501 925 pellerent
524 873 709 926 naves,
751 860 1202 927 niagnispromiffi's
1240 860 1427 930 aRege
1465 863 1620 912 illecfli
1656 873 1818 914 erant.

261 936 428 1002 Atque
479 952 541 986 ex
575 935 653 985 his
689 938 883 1002 quidem
916 940 1065 987 multi
1090 939 1254 1005 postea
1307 941 1355 988 in
1389 938 1644 1001 Lufitania
1674 942 1821 991 Sedes

254 1018 419 1077 fixere
459 1015 627 1064 donati
664 1014 723 1063 ab
765 1010 1008 1081 Alphonso
1049 1018 1241 1082 oppidis
1263 1053 1279 1082 ‚
1324 1016 1665 1084 praefeiiuris
1686 1054 1704 1085 ‚
1760 1033 1820 1067 ac

262 1091 517 1143 decoribus
556 1105 568 1141 :
623 1108 654 1140 a
690 1091 866 1158 quibus
915 1095 1156 1161 originem
1198 1091 1264 1160 fi>
1304 1095 1480 1144 ducere
1526 1095 1820 1162 gloriantur

262 1172 392 1238 apud
427 1186 511 1220 nos
550 1172 737 1220 multae
770 1173 1022 1237 patriciae
1041 1171 1314 1239 familiae,
1357 1183 1415 1223 ut
1456 1172 1550 1222 illa
1581 1170 1821 1224 Almada-

261 1265 374 1299 rum
398 1286 415 1317 ,
471 1244 535 1303 ἐφ’
572 1250 663 1299 illa
704 1247 1012 1300 R'olinorum.

429 1403 615 1471 Captae
634 1403 894 1472 Olisiponis
934 1401 1203 1472 consecutio
1241 1404 1480 1471 quaedam
1505 1404 1622 1466 fuit
1656 1404 1818 1454 trium

260 1482 535 1533 vicinorum
575 1484 862 1549 oppidorum
883 1521 900 1549 ‚
941 1483 1211 1532 Palniellae
1232 1520 1248 1548 ,
1301 1482 1542 1532 Almadae
1564 1519 1580 1548 ‚
1621 1477 1686 1536 ἐφ’
1708 1481 1820 1531 Cin·

263 1562 395 1609 triae
425 1562 742 1628 expugnatio.
800 1561 1084 1626 Constatque
1119 1563 1256 1611 intra
1284 1572 1472 1626 paucos
1510 1575 1656 1609 annos
1689 1555 1819 1624 sicae

261 1636 559 1705 Alphonfum
598 1639 773 1688 ditioni
822 1640 1046 1704 adjeciffe
1077 1676 1093 1703 ‚
1149 1639 1388 1703 quidquid
1423 1638 1542 1698 fiere
1580 1637 1817 1687 Mondam

262 1715 548 1783 Tagumque
583 1718 882 1779 interjacet:
939 1727 1088 1780 atque
1126 1716 1173 1763 in
1210 1714 1285 1763 his
1322 1714 1542 1762 Leiriam
1566 1751 1582 1777 ,
1610 1713 1817 1784 ‘Turres

262 1793 475 1863 Novas,
517 1792 699 1844 Obidos
720 1832 737 1862 ,
778 1790 1172 1858 Alenquerium‚
1206 1793 1457 1859 pluraque
1497 1784 1616 1841 alia}

428 1948 538 1998 Nec
587 1949 765 1998 minori
817 1948 1076 2010 felicitate
1132 1941 1251 2014 usiis
1307 1941 1585 2014 Alphonsus
1644 1945 1710 2007 est
1766 1946 1816 1997 in

262 2027 631 2097 Traifiaganis.
1037 2033 1041 2036 ’

431 2179 567 2231 Anno
588 2179 666 2231 M.
683 2179 898 2233 CLVII.
925 2182 1054 2249 cepit
1075 2180 1322 2230 Salaciam
1344 2192 1356 2230 ε
1386 2194 1504 2229 anno
1525 2174 1815 2228 M.C.LXII.

264 2262 440 2311 Pacem
476 2261 675 2324 Juliam
713 2272 725 2309 ε
780 2275 898 2310 anno
937 2259 1016 2311 M.
1059 2258 1111 2309 C.
1147 2257 1331 2311 LXVI.
1372 2257 1587 2308 Eboram
1608 2293 1626 2324 ‚
1665 2253 1824 2305 Mau·

267 2356 376 2390 ram
397 2376 412 2406 ,
452 2339 672 2406 Serpam.

433 2494 726 2555 Postremum
747 2491 981 2561 Alphonst
1010 2508 1117 2543 cum
1153 2490 1360 2541 IWauris
1396 2500 1641 2540 certamen
1665 2486 1780 2550 fuit
1798 2524 1816 2552 ‚

267 2590 415 2644 quum
453 2574 538 2623 ille
575 2588 693 2624 anno
726 2571 806 2622 M.
848 2572 899 2622 G.
942 2566 1208 2652 LXXXIV.
1252 2570 1422 2620 audito
1446 2566 1779 2693 Conimecae
1797 2602 1815 2632 ‚

1704 2658 1781 2692 en-
